@article{kuhn2015dd-dro-wasserstein,
  title={Data-driven distributionally robust optimization using the Wasserstein metric: Performance guarantees and tractable reformulations},
  author={Esfahani, Peyman Mohajerin and Kuhn, Daniel},
  journal={Mathematical Programming},
  pages={1--52},
  year={2015},
  publisher={Springer}
}

@incollection{shapiro2001duality,
  title={On duality theory of conic linear problems},
  author={Shapiro, Alexander},
  booktitle={Semi-infinite programming},
  pages={135--165},
  year={2001},
  publisher={Springer}
}